<?xml version="1.0" encoding="UTF-8"?><collection xmlns="http://www.loc.gov/MARC21/slim"><record><leader>00380nam--2200133-i-4500</leader><controlfield tag="001">000020326</controlfield><controlfield tag="002">20161230</controlfield><controlfield tag="005">20161230201033</controlfield><controlfield tag="008">060222s1000------------r-----000-0-eng-d</controlfield><datafield ind1=" " ind2=" " tag="080"><subfield code="a">621.375.826(043)</subfield></datafield><datafield ind1=" " ind2=" " tag="100"><subfield code="a">Elleaume, Pascal</subfield></datafield><datafield ind1=" " ind2=" " tag="245"><subfield code="a">Laser a electrons libres sur l anneau de collision d orsay.these</subfield></datafield><datafield ind1=" " ind2=" " tag="260"><subfield code="a">Orsay, L Universite De Paris-sud, 1984. 256 P</subfield></datafield><datafield ind1=" " ind2=" " tag="852"><subfield code="a">72423</subfield></datafield></record></collection>